|0000|006|0|0||01012024|31012024|EMPRESA TESTE LTDA|11222333000181|SP|3550308||01|1|
|0110|1|1|1||
|0111|0,00|0,00|0,00|0,00|500,00|
|0140|001|MATRIZ|11222333000181|SP|111111111111|3550308|||
|0150|99888777000100|FORNECEDOR X|1058|99888777000100|||3550308||RUA A|100||CENTRO|
|0190|UN|UNIDADE|
|0200|PROD001|PRODUTO A|||UN|00|84713012||||0,00|
|0200|PROD002|PRODUTO B|||UN|00|||||0,00|
|0200|PROD003|PRODUTO C MONOFASICO|||UN|00|27101259||||0,00|
|0400|01|Receita de venda de mercadorias|
|0500|01012024|01|01|1|100010001|Receita de Vendas|
|0990|12|
|C010|11222333000181|1|
|C100|1|0|99888777000100|55|00|1|123|35240111222333000181550010000001231123456780|15012024|15012024|1000,00|0|0,00|0,00|1000,00|0|0,00|0,00|0,00|0,00|0,00|0,00|0,00|0,00|16,50|76,00|0,00|0,00|
|C170|1|PROD001||10|UN|600,00|0,00|0|00|5102|02|0,00|0,00|0,00|0,00|0,00|0,00|0|||0,00|0,00|0,00|01|600,00|1,65|0,00|0,00|9,90|01|600,00|7,60|0,00|0,00|45,60|999999999|0,00|
|C170|2|PROD002||5|UN|400,00|0,00|0|00|1102||0,00|0,00|0,00|0,00|0,00|0,00|0|||0,00|0,00|0,00|01|400,00|1,65|0,00|0,00|6,60|01|400,00|7,60|0,00|0,00|30,40||0,00|
|C170|3|PROD003||1|UN|500,00|0,00|0|00|5102|01|0,00|0,00|0,00|0,00|0,00|0,00|0|||0,00|0,00|0,00|04|0,00|0,00|0,00|0,00|0,00|04|0,00|0,00|0,00|0,00|0,00|100010001|0,00|
|C100|1|0|99888777000100|55|00|1|123|35240111222333000181550010000001231123456780|15012024|15012024|600,00|0|0,00|0,00|600,00|0|0,00|0,00|0,00|0,00|0,00|0,00|0,00|0,00|9,90|45,60|0,00|0,00|
|C170|1|PROD001||10|UN|600,00|0,00|0|00|5102||0,00|0,00|0,00|0,00|0,00|0,00|0|||0,00|0,00|0,00|01|600,00|1,65|0,00|0,00|9,90|01|600,00|7,60|0,00|0,00|45,60||0,00|
|C100|1|0|99888777000100|55|02|1|130|35240111222333000181550010000001301123456785|15012024|15012024|200,00|0|0,00|0,00|200,00|0|0,00|0,00|0,00|0,00|0,00|0,00|0,00|0,00|3,30|15,20|0,00|0,00|
|C170|1|PROD001||2|UN|200,00|0,00|0|00|5102||0,00|0,00|0,00|0,00|0,00|0,00|0|||0,00|0,00|0,00|01|200,00|1,65|0,00|0,00|3,30|01|200,00|7,60|0,00|0,00|15,20||0,00|
|C100|1|0|99888777000100|55|00|1|140|35240111222333000181550010000001401123456781|20012024|15012024|100,00|0|0,00|0,00|100,00|0|0,00|0,00|0,00|0,00|0,00|0,00|0,00|0,00|-1,65|7,60|0,00|0,00|
|C170|1|PROD001||1|UN|100,00|0,00|0|00|5102||0,00|0,00|0,00|0,00|0,00|0,00|0|||0,00|0,00|0,00|01|100,00|1,65|0,00|0,00|-1,65|01|100,00|7,60|0,00|0,00|7,60||0,00|
|C100|1|0|99888777000100|55|00|1|150|35240111222333000181550010000001501123456788|20012024|20012024|300,00|0|0,00|0,00|300,00|0|0,00|0,00|0,00|0,00|0,00|0,00|0,00|0,00|6,00|22,80|0,00|0,00|
|C170|1|PROD001||3|UN|300,00|0,00|0|00|5102||0,00|0,00|0,00|0,00|0,00|0,00|0|||0,00|0,00|0,00|01|300,00|2,00|0,00|0,00|6,00|01|300,00|7,60|0,00|0,00|22,80||0,00|
|C180|55|01012024|31012024|PROD001|84713012||1000,00|
|C181|01|5102|1000,00|0,00|1000,00|1,65|0,00|0,00|16,50||
|C185|01|5102|900,00|0,00|900,00|7,60|0,00|0,00|68,40||
|C190|55|01012024|31012024|PROD001|84713012||2000,00|
|C191|99888777000100|50|1102|2000,00|0,00|2000,00|1,65|0,00|0,00|33,00||
|C195|99888777000100|50|1102|1800,00|0,00|1800,00|7,60|0,00|0,00|136,80||
|C500|99888777000100|06|00|||500001|15012024||400000,00|0,00||6600,00|30400,00||
|C501|50|400000,00|02|400000,00|1,65|6600,00||
|C501|50|350000,00|09|350000,00|1,65|5775,00||
|C501|77|1000,00|99|1000,00|1,65|16,50||
|C505|50|400000,00|02|400000,00|7,60|30400,00||
|C990|25|
|M100|101|0|1000,00|1,65|0,00|0,00|16,50|0,00|0,00|0,00|99,99|0|16,50|0,00|
|M105|02|50|1000,00|0,00|1000,00|900,00|0,00|0,00|Insumo|
|M110|1|50,00|05||Ajuste de credito teste|15012024|
|M500|999|0|900,00|7,60|0,00|0,00|68,40|0,00|0,00|0,00|68,40|0|68,40|0,00|
|M505|02|50|900,00|0,00|900,00|900,00|0,00|0,00|Insumo|
|M510|0|30,00|06||Estorno de credito teste|15012024|
|M200|100,00|0,00|0,00|0,00|0,00|0,00|1,00|0,00|0,00|0,00|0,00|1,00|
|M600|100,00|0,00|0,00|0,00|0,00|0,00|1,00|0,00|0,00|0,00|0,00|1,00|
|M210|01|1000,00|1000,00|0,00|0,00|1000,00|1,65|0,00|0,00|16,50|0,00|0,00|0,00|0,00|16,50|
|M215|1|40,00|01||Ajuste BC teste|15012024||11222333000181||
|M220|1|10,00|05||Ajuste contribuicao teste|15012024|
|M610|01|800,00|800,00|0,00|0,00|999,99|7,60|0,00|0,00|60,80|0,00|0,00|0,00|0,00|60,80|
|M615|0|20,00|02||Ajuste BC teste|15012024||11222333000181||
|M620|0|5,00|06||Estorno contribuicao teste|15012024|
|M990|15|
|1100|122023|01||101|500,00|0,00|500,00|0,00|0,00|0,00|500,00|500,00|0,00|0,00|0,00|0,00|0,00|
|1500|122023|01||201|800,00|0,00|999,99|0,00|0,00|0,00|999,99|0,00|0,00|0,00|0,00|0,00|999,99|
|1101|0|
|1990|4|
|9900|0000|1|
|9900|0110|1|
|9900|0111|1|
|9900|0140|1|
|9900|0150|1|
|9900|0190|1|
|9900|0200|3|
|9900|0400|1|
|9900|0500|1|
|9900|0990|1|
|9900|1100|1|
|9900|1101|1|
|9900|1500|1|
|9900|1990|1|
|9900|C010|1|
|9900|C100|5|
|9900|C170|7|
|9900|C180|1|
|9900|C181|1|
|9900|C185|1|
|9900|C190|1|
|9900|C191|1|
|9900|C195|1|
|9900|C500|1|
|9900|C501|3|
|9900|C505|1|
|9900|C990|1|
|9900|M100|1|
|9900|M105|1|
|9900|M110|1|
|9900|M200|1|
|9900|M210|1|
|9900|M215|1|
|9900|M220|1|
|9900|M500|1|
|9900|M505|1|
|9900|M510|1|
|9900|M600|1|
|9900|M610|1|
|9900|M615|1|
|9900|M620|1|
|9900|M990|1|
|9900|9900|43|
|9990|45|
|9999|1|
